<?xml version="1.0" encoding="UTF-8"?><collection xmlns="http://www.loc.gov/MARC21/slim"><record><leader>00397nam--2200109-i-4500</leader><controlfield tag="001">000006457</controlfield><controlfield tag="002">20161230</controlfield><controlfield tag="005">20161230201026</controlfield><controlfield tag="008">060222s1000------------r-----000-0-eng-d</controlfield><datafield ind1=" " ind2=" " tag="245"><subfield code="a">Colloque sur les criteres pour le choix du site des reacteurs et des centre d etude nucleaires. bombay, 11-15 mars, 1963. resumes des memoires</subfield></datafield><datafield ind1=" " ind2=" " tag="260"><subfield code="a">Vienne, Agence Intern.De L Energie Atom., 1963 46p</subfield></datafield><datafield ind1=" " ind2=" " tag="852"><subfield code="a">19171</subfield></datafield></record></collection>